<?xml version="1.0" encoding="UTF-8"?><collection xmlns="http://www.loc.gov/MARC21/slim"><record><leader>00310nam--2200121-i-4500</leader><controlfield tag="001">000001962</controlfield><controlfield tag="002">20161230</controlfield><controlfield tag="005">20161230201024</controlfield><controlfield tag="008">060222s1000------------r-----000-0-eng-d</controlfield><datafield ind1=" " ind2=" " tag="245"><subfield code="a">Non-benzenoid aromatic compounds</subfield></datafield><datafield ind1=" " ind2=" " tag="260"><subfield code="a">New York, Interscience, 1959. Xii + 543 P</subfield></datafield><datafield ind1=" " ind2=" " tag="700"><subfield code="a">Ginsburg, David</subfield></datafield><datafield ind1=" " ind2=" " tag="852"><subfield code="a">15689</subfield></datafield></record></collection>